@inproceedings{silbnet,
    author = {Schneidenbach, Lars and Schnor, Bettina and Zinke, J\"{o}rg and Lehmann, Janette},
    title = {Self-adapting credit-based server load balancing},
    booktitle = {Proceedings of the IASTED International Conference on Parallel and Distributed Computing and Networks},
    series = {PDCN '08},
    year = {2008},
    location = {Innsbruck, Austria},
    pages = {55--62},
    publisher = {ACTA Press},
    address = {Anaheim, CA, USA},
} 

@masterthesis{habensch,
    author = {Habenschuß, Jan},
    title = {{Leistungsanalyse und -prognose von Webserver-Clustern auf Basis realer Webserverlogs}},
    type = {Diplomarbeit},
    school = {Univeristät Potsdam},
    year = {2011},
    address = {Potsdam},
}

@misc{rfc2782,
    author="A. Gulbrandsen and P. Vixie and L. Esibov",
    title="{A DNS RR for specifying the location of services (DNS SRV)}",
    type="RFC",
    institution="Internet Engineering Task Force",
    number="2782",
    month=feb,
    year=2000,
    note="Updated by RFC 6335",
    url="http://www.ietf.org/rfc/rfc2782.txt",
}

@techreport{rfc1034,
    author="P. V. Mockapetris",
    title="Domain names - concepts and facilities",
    type="RFC",
    institution="Internet Engineering Task Force",
    number=1034,
    pages=55,
    month=nov,
    year=1987,
    url="http://www.rfc-editor.org/rfc/rfc1034.txt"
}

@techreport{rfc1035,
    author="P. V. Mockapetris",
    title="Domain names - implementation and specification",
    type="RFC",
    institution="Internet Engineering Task Force",
    number=1035,
    pages=55,
    month=nov,
    year=1987,
    url="http://www.rfc-editor.org/rfc/rfc1035.txt"
}


@Book{dnsandbind,
    author =       "Cricket Liu and Paul Albitz",
    title =        "{DNS} and {BIND}",
    publisher =    "O'Reilly Media",
    edition =      "Fünfte",
    year =         "2006",
}
