@misc{rfc1035,
  author="P.V. Mockapetris",
  title="{Domain names - implementation and specification}",
  series="Request for Comments",
  number="1035",
  howpublished="RFC 1035 (Standard)",
  publisher="IETF",
  organization="Internet Engineering Task Force",
  year=1987,
  month=nov,
    note="Updated by RFCs 1101, 1183, 1348, 1876, 1982, 1995, 1996, 2065, 2136, 2181, 2137, 2308, 2535, 2845, 3425, 3658, 4033, 4034, 4035, 4343, 5936, 5966",
  url="http://www.ietf.org/rfc/rfc1035.txt",
}

@misc{rfc2181,
  author="R. Elz and R. Bush",
  title="{Clarifications to the DNS Specification}",
  series="Request for Comments",
  number="2181",
  howpublished="RFC 2181 (Proposed Standard)",
  publisher="IETF",
  organization="Internet Engineering Task Force",
  year=1997,
  month=jul,
    note="Updated by RFCs 4035, 2535, 4343, 4033, 4034, 5452",
  url="http://www.ietf.org/rfc/rfc2181.txt",
}

@misc{rfc2535,
  author="D. {Eastlake 3rd}",
  title="{Domain Name System Security Extensions}",
  series="Request for Comments",
  number="2535",
  howpublished="RFC 2535 (Proposed Standard)",
  publisher="IETF",
  organization="Internet Engineering Task Force",
  year=1999,
  month=mar,
    note="Obsoleted by RFCs 4033, 4034, 4035, updated by RFCs 2931, 3007, 3008, 3090, 3226, 3445, 3597, 3655, 3658, 3755, 3757, 3845",
  url="http://www.ietf.org/rfc/rfc2535.txt",
}

@misc{rfc3596,
  author="S. Thomson and C. Huitema and V. Ksinant and M. Souissi",
  title="{DNS Extensions to Support IP Version 6}",
  series="Request for Comments",
  number="3596",
  howpublished="RFC 3596 (Draft Standard)",
  publisher="IETF",
  organization="Internet Engineering Task Force",
  year=2003,
  month=oct,
    url="http://www.ietf.org/rfc/rfc3596.txt",
}

@misc{rfc6195,
  author="D. {Eastlake 3rd}",
  title="{Domain Name System (DNS) IANA Considerations}",
  series="Request for Comments",
  number="6195",
  howpublished="RFC 6195 (Best Current Practice)",
  publisher="IETF",
  organization="Internet Engineering Task Force",
  year=2011,
  month=mar,
    url="http://www.ietf.org/rfc/rfc6195.txt",
}
