@book{LiuAlb,
    author    = {Cricket Liu and
        Paul Albitz},
    title     = {DNS and BIND - help for system administrators: covers BIND
        9.3 (5. ed.)},
    publisher = {O'Reilly},
    year      = {2006},
    isbn      = {978-0-596-10057-5},
    pages     = {I-XIX, 1-616},
}

@book{Bourke,
    author    = {Tony Bourke},
    title     = {Server load balancing - help for network administrators},
    publisher = {O'Reilly},
    year      = {2001},
    isbn      = {978-0-596-00050-9},
    pages     = {I-XIV, 1-175},
}

@book{Kopparapu,
    author = {Kopparapu, Chandra},
    title = {Load Balancing Servers, Firewalls, and Caches},
    year = {2002},
    isbn = {0471415502},
    publisher = {John Wiley \& Sons, Inc.},
    address = {New York, NY, USA},
}

@techreport{rfc1034,
    author="P. V. Mockapetris",
    title="Domain names - concepts and facilities",
    type="RFC",
    institution="Internet Engineering Task Force",
    number=1034,
    pages=55,
    month=nov,
    year=1987,
    url="http://www.rfc-editor.org/rfc/rfc1034.txt"
}

@techreport{rfc1035,
    author="P. V. Mockapetris",
    title="Domain names - implementation and specification",
    type="RFC",
    institution="Internet Engineering Task Force",
    number=1035,
    pages=55,
    month=nov,
    year=1987,
    url="http://www.rfc-editor.org/rfc/rfc1035.txt"
}
